@Manual{SimCADO-PDR,
  title =        {SimCADO: the Data Simulator for MICADO},
  author =    {Leschinski, K. and Czoske, O.},
  note =   "{ELT-ICD-MCD-56306-0050, v1.0}",
  year =      2018,
  keywords="SimCADO_PDR"
  }
